@InBook{Stefan,
	author = {Stefan KOTTWITZ},
	title = {LaTeX Beginner's Guide},
	publisher = {Packt Publishing Limited},
	address = {Birmingham, United Kingdom},
	year = {2011},
	ISBN = {18-4719-986-0},
}

@InBook{Rybicka,
	author = {Jiří RYBIČKA},
	title = {LaTeX pro začátečníky},
	chapter = {kapitola 2-5.},
	publisher = {KONVOJ, spol. s. r. o.},
	address = {Berkova 22, BRNO},
	edition = {3},
	ISBN = {80-7302-049-1},
}

@Misc{Kalvoda,
	author = {Tomáš KALVODA},
	title = {Jak psát matematické formule v Latexu},
	howpublished = {[online]},
	year = {rev. 19. prosince 2015},
	note = {[vid. 2019-04-9]},
	url = {https://marast.fit.cvut.cz/cs/blog_posts/2},
	
}

@Misc{Sopuch,
	author = {Pavel SOPUCH, Pavel FORMÁNEK},
	title = {Manuál k Latexu},
	howpublished = {[online]},
	year = {rev. 20. ledna 2001},
	note = {[vid. 2019-04-9]},
	url = {http://www.it.cas.cz/manual/latex/i.html},
	
}

@Misc{Martinek,
	author = {David MARTÍNEK},
	title = {Ovládání Latexu},
	howpublished = {[online]},
	year = {rev. 24. února 2008},
	note = {[vid. 2019-04-9]},
	url = {http://www.fit.vutbr.cz/~martinek/latex/control.html},
	
}

@Article{Casopis,
	author = {Timothy EIRE, Denis ROEGEL a další},
	journal = {Zpravodaj Československého sdružení uživatelů TeXu},
	volume = {20},
	number = {3},
	pages = {138\,--\,241},
	year = {2010},
	ISSN = {1211-6661},
}

@MastersThesis{Bojko,
	author = {Pavel BOJKO},
	title = {Problematika sazby odborného textu v prostředí LATEX},
	school = {Jihočeská univerzita v Českých Budějovicích. Přírodovědecká 
	fakulta},
	year = {2011},
	type = {Bakalářská práce},
}

@MastersThesis{Simek,
	author = {Jiří ŠIMEK},
	title = {Transformace výrazů z Editoru Rovnic do LaTeXu},
	school = {Vysoké učení technické v Brně. Fakulta informačních technologií. Ústav 
	informačních systémů},
	year = {2009},
	type = {Bakalářská práce},
}

@Article{Curiel,
	author = {Erik CURIEL},
	title = {The many definitions of a black hole},
	journal = {Nature Astronomy},
	number = {3},
	pages = {27\,--\,34},
	year = {2019},
	ISSN = {2397-3366}
}

@Article{asthtekar,
	author = {Abhay ASTHTEKAR, Javier OLMEDO, Parampreet SINGH},
	title = {Quantum Transfiguration of Kruskal Black Holes},
	journal = {Physical Review Letters},
	pages = {121},
	year = {2018},
	ISSN = {0031-9007}
}
